<?xml version="1.0" encoding="UTF-8"?><collection xmlns="http://www.loc.gov/MARC21/slim"><record><leader>00433nam--2200145-i-4500</leader><controlfield tag="001">000010326</controlfield><controlfield tag="002">20161230</controlfield><controlfield tag="005">20170306230336</controlfield><controlfield tag="008">060222s1000------------r-----000-0-eng-d</controlfield><datafield ind1=" " ind2=" " tag="100"><subfield code="a">Divon, Baruch</subfield></datafield><datafield ind1=" " ind2=" " tag="245"><subfield code="a">A study of the isospin from of the electromagnetic operator</subfield><subfield code="b">thesis</subfield></datafield><datafield ind1=" " ind2=" " tag="260"><subfield code="a">Ann Arbor, Michigan</subfield><subfield code="b">University Microfilms, A Xerox Co</subfield><subfield code="c">1971</subfield></datafield><datafield ind1=" " ind2=" " tag="300"><subfield code="a">124 p</subfield></datafield><datafield ind1=" " ind2=" " tag="852"><subfield code="a">539.14:530.1:015</subfield></datafield><datafield ind1=" " ind2=" " tag="CAT"><subfield code="a">SYS</subfield><subfield code="c">20170306</subfield><subfield code="h">230336</subfield></datafield></record></collection>